<collection xmlns="http://www.loc.gov/MARC21/slim">
<record>
  <leader>01269nam0a2200277 i 450 </leader>
  <controlfield tag="001">IT\ICCU\CNCE\009421</controlfield>
  <controlfield tag="005">20051205000000.0</controlfield>
  <datafield tag="012" ind1=" " ind2=" ">
    <subfield code="a">d,s- e-d- tean Vrs* (3) 1591 (R)</subfield>
    <subfield code="2">fei</subfield>
    <subfield code="9">A</subfield>
  </datafield>
  <datafield tag="012" ind1=" " ind2=" ">
    <subfield code="a">uis- e-ua tean Vrs* (3) 1591 (R)</subfield>
    <subfield code="2">fei</subfield>
    <subfield code="9">B</subfield>
  </datafield>
  <datafield tag="100" ind1=" " ind2=" ">
    <subfield code="a">19970101d1591        0itac0103    ba</subfield>
  </datafield>
  <datafield tag="101" ind1=" " ind2=" ">
    <subfield code="a">LAT</subfield>
  </datafield>
  <datafield tag="102" ind1=" " ind2=" ">
    <subfield code="a">IT</subfield>
  </datafield>
  <datafield tag="200" ind1="1" ind2=" ">
    <subfield code="a">De sanctissimi d.n. Gregorii XIIII diuina prouid. pont. opt. max immortalibus, ac diuinis laudibus septima oratio. f. Victorii Carcani</subfield>
  </datafield>
  <datafield tag="210" ind1=" " ind2=" ">
    <subfield code="a">Taruisij</subfield>
    <subfield code="c">apud haeredes Angeli Mazzolini</subfield>
    <subfield code="d">1591</subfield>
  </datafield>
  <datafield tag="215" ind1=" " ind2=" ">
    <subfield code="a">\4!, 26 c.</subfield>
    <subfield code="c">ill.</subfield>
    <subfield code="d">4ʻ</subfield>
  </datafield>
  <datafield tag="300" ind1=" " ind2=" ">
    <subfield code="a">Gli esemplari con impronta b hanno \2! c. iniziali perch ̌privi della dedica</subfield>
  </datafield>
  <datafield tag="620" ind1=" " ind2=" ">
    <subfield code="a">IT</subfield>
    <subfield code="d">Treviso</subfield>
  </datafield>
  <datafield tag="700" ind1=" " ind2="1">
    <subfield code="a">Carcani,</subfield>
    <subfield code="b">Vittorio</subfield>
    <subfield code="3">IT\ICCU\CNCA\002622</subfield>
  </datafield>
  <datafield tag="712" ind1="0" ind2="0">
    <subfield code="a">Mazzolini, Angelo - eredi</subfield>
    <subfield code="3">IT\ICCU\CNCT\001216</subfield>
    <subfield code="4">650</subfield>
  </datafield>
  <datafield tag="790" ind1=" " ind2="1">
    <subfield code="a">Carcano,</subfield>
    <subfield code="b">Vittorio</subfield>
    <subfield code="3">IT\ICCU\CNCA\028023</subfield>
    <subfield code="z">Carcani, Vittorio</subfield>
  </datafield>
  <datafield tag="790" ind1=" " ind2="1">
    <subfield code="a">Carcanus,</subfield>
    <subfield code="b">Victorius</subfield>
    <subfield code="3">IT\ICCU\CNCA\028024</subfield>
    <subfield code="z">Carcani, Vittorio</subfield>
  </datafield>
  <datafield tag="801" ind1=" " ind2="3">
    <subfield code="a">IT</subfield>
    <subfield code="b">ICCU</subfield>
    <subfield code="c">20201113</subfield>
  </datafield>
  <datafield tag="899" ind1=" " ind2=" ">
    <subfield code="a">Biblioteca comunale dell&apos;Archiginnasio. Bologna</subfield>
    <subfield code="1">BO0304</subfield>
    <subfield code="2">UBO GA</subfield>
  </datafield>
  <datafield tag="899" ind1=" " ind2=" ">
    <subfield code="a">Biblioteca Apostolica Vaticana. Citt ̉del Vaticano</subfield>
    <subfield code="1">EX0001</subfield>
    <subfield code="2">ZCV 01</subfield>
  </datafield>
  <datafield tag="899" ind1=" " ind2=" ">
    <subfield code="a">Biblioteca Angelica. Roma</subfield>
    <subfield code="1">RM0290</subfield>
    <subfield code="2">RML 06</subfield>
  </datafield>
  <datafield tag="899" ind1=" " ind2=" ">
    <subfield code="a">Biblioteca comunale. Treviso</subfield>
    <subfield code="z">(Var.A/B)</subfield>
    <subfield code="1">TV0114</subfield>
    <subfield code="2">VIA CT</subfield>
  </datafield>
</record>
</collection>
